<?xml version="1.0" encoding="UTF-8"?><collection xmlns="http://www.loc.gov/MARC21/slim"><record><leader>00404nam--2200133-i-4500</leader><controlfield tag="001">000025963</controlfield><controlfield tag="002">20161230</controlfield><controlfield tag="005">20161230201036</controlfield><controlfield tag="008">060222s1000------------r-----000-0-eng-d</controlfield><datafield ind1=" " ind2=" " tag="080"><subfield code="a">615.849(043)</subfield></datafield><datafield ind1=" " ind2=" " tag="100"><subfield code="a">Kallman, Patric</subfield></datafield><datafield ind1=" " ind2=" " tag="245"><subfield code="a">Optimization of radiation therapy planning using physical and biological objective functions</subfield></datafield><datafield ind1=" " ind2=" " tag="260"><subfield code="a">Stockholm, Stockholm University, 1992, /P.Dif.</subfield></datafield><datafield ind1=" " ind2=" " tag="852"><subfield code="a">79952</subfield></datafield></record></collection>